@incollection{NIPS2012_4824,
    title = {ImageNet Classification with Deep Convolutional Neural Networks},
    author = {Alex Krizhevsky and Sutskever, Ilya and Hinton, Geoffrey E},
    booktitle = {Advances in Neural Information Processing Systems 25},
    editor = {F. Pereira and C. J. C. Burges and L. Bottou and K. Q. Weinberger},
    pages = {1097--1105},
    year = {2012},
    publisher = {Curran Associates, Inc.},
    url = {http://papers.nips.cc/paper/4824-imagenet-classification-with-deep-convolutional-neural-networks.pdf}
}

@misc{he2015deep,
    title={Deep Residual Learning for Image Recognition},
    author={Kaiming He and Xiangyu Zhang and Shaoqing Ren and Jian Sun},
    year={2015},
    eprint={1512.03385},
    archivePrefix={arXiv},
    primaryClass={cs.CV}
}


@article{zhang2020resnest,
title={ResNeSt: Split-Attention Networks},
author={Zhang, Hang and Wu, Chongruo and Zhang, Zhongyue and Zhu, Yi and Zhang, Zhi and Lin, Haibin and Sun, Yue and He, Tong and Muller, Jonas and Manmatha, R. and Li, Mu and Smola, Alexander},
journal={arXiv preprint},
year={2020}
}

@misc{goodfellow2014explaining,
    title={Explaining and Harnessing Adversarial Examples},
    author={Ian J. Goodfellow and Jonathon Shlens and Christian Szegedy},
    year={2014},
    eprint={1412.6572},
    archivePrefix={arXiv},
    primaryClass={stat.ML}
}

@misc{kurakin2016adversarial,
    title={Adversarial examples in the physical world},
    author={Alexey Kurakin and Ian Goodfellow and Samy Bengio},
    year={2016},
    eprint={1607.02533},
    archivePrefix={arXiv},
    primaryClass={cs.CV}
}

@misc{dong2017boosting,
    title={Boosting Adversarial Attacks with Momentum},
    author={Yinpeng Dong and Fangzhou Liao and Tianyu Pang and Hang Su and Jun Zhu and Xiaolin Hu and Jianguo Li},
    year={2017},
    eprint={1710.06081},
    archivePrefix={arXiv},
    primaryClass={cs.LG}
}

@misc{carlini2016evaluating,
    title={Towards Evaluating the Robustness of Neural Networks},
    author={Nicholas Carlini and David Wagner},
    year={2016},
    eprint={1608.04644},
    archivePrefix={arXiv},
    primaryClass={cs.CR}
}

@misc{aleks2017deep,
    title={Towards Deep Learning Models Resistant to Adversarial Attacks},
    author={Aleksander Madry and Aleksandar Makelov and Ludwig Schmidt and Dimitris Tsipras and Adrian Vladu},
    year={2017},
    eprint={1706.06083},
    archivePrefix={arXiv},
    primaryClass={stat.ML}
}

@misc{mnih2013playing,
    title={Playing Atari with Deep Reinforcement Learning},
    author={Volodymyr Mnih and Koray Kavukcuoglu and David Silver and Alex Graves and Ioannis Antonoglou and Daan Wierstra and Martin Riedmiller},
    year={2013},
    eprint={1312.5602},
    archivePrefix={arXiv},
    primaryClass={cs.LG}
}

@article{alphago,
title	= {Mastering the game of Go with deep neural networks and tree search},
author	= {David Silver and Aja Huang and Christopher J. Maddison and Arthur Guez and Laurent Sifre and George van den Driessche and Julian Schrittwieser and Ioannis Antonoglou and Veda Panneershelvam and Marc Lanctot and Sander Dieleman and Dominik Grewe and John Nham and Nal Kalchbrenner and Ilya Sutskever and Timothy Lillicrap and Madeleine Leach and Koray Kavukcuoglu and Thore Graepel and Demis Hassabis},
year	= {2016},
URL	= {http://www.nature.com/nature/journal/v529/n7587/full/nature16961.html},
journal	= {Nature},
pages	= {484--503},
volume	= {529}
}


@misc{silver2017mastering,
    title={Mastering Chess and Shogi by Self-Play with a General Reinforcement Learning Algorithm},
    author={David Silver and Thomas Hubert and Julian Schrittwieser and Ioannis Antonoglou and Matthew Lai and Arthur Guez and Marc Lanctot and Laurent Sifre and Dharshan Kumaran and Thore Graepel and Timothy Lillicrap and Karen Simonyan and Demis Hassabis},
    year={2017},
    eprint={1712.01815},
    archivePrefix={arXiv},
    primaryClass={cs.AI}
}

@misc{ecoffet2019goexplore,
    title={Go-Explore: a New Approach for Hard-Exploration Problems},
    author={Adrien Ecoffet and Joost Huizinga and Joel Lehman and Kenneth O. Stanley and Jeff Clune},
    year={2019},
    eprint={1901.10995},
    archivePrefix={arXiv},
    primaryClass={cs.LG}
}

@article{Arulkumaran_2019,
   title={AlphaStar},
   ISBN={9781450367486},
   url={http://dx.doi.org/10.1145/3319619.3321894},
   DOI={10.1145/3319619.3321894},
   journal={Proceedings of the Genetic and Evolutionary Computation Conference Companion},
   publisher={ACM},
   author={Arulkumaran, Kai and Cully, Antoine and Togelius, Julian},
   year={2019},
   month={Jul}
}

@misc{ye2019mastering,
    title={Mastering Complex Control in MOBA Games with Deep Reinforcement Learning},
    author={Deheng Ye and Zhao Liu and Mingfei Sun and Bei Shi and Peilin Zhao and Hao Wu and Hongsheng Yu and Shaojie Yang and Xipeng Wu and Qingwei Guo and Qiaobo Chen and Yinyuting Yin and Hao Zhang and Tengfei Shi and Liang Wang and Qiang Fu and Wei Yang and Lanxiao Huang},
    year={2019},
    eprint={1912.09729},
    archivePrefix={arXiv},
    primaryClass={cs.AI}
}

@misc{mnih2016asynchronous,
    title={Asynchronous Methods for Deep Reinforcement Learning},
    author={Volodymyr Mnih and Adrià Puigdomènech Badia and Mehdi Mirza and Alex Graves and Timothy P. Lillicrap and Tim Harley and David Silver and Koray Kavukcuoglu},
    year={2016},
    eprint={1602.01783},
    archivePrefix={arXiv},
    primaryClass={cs.LG}
}

@misc{schulman2017proximal,
    title={Proximal Policy Optimization Algorithms},
    author={John Schulman and Filip Wolski and Prafulla Dhariwal and Alec Radford and Oleg Klimov},
    year={2017},
    eprint={1707.06347},
    archivePrefix={arXiv},
    primaryClass={cs.LG}
}

@article{Chen_2017,
   title={ZOO},
   ISBN={9781450352024},
   url={http://dx.doi.org/10.1145/3128572.3140448},
   DOI={10.1145/3128572.3140448},
   journal={Proceedings of the 10th ACM Workshop on Artificial Intelligence and Security - AISec  ’17},
   publisher={ACM Press},
   author={Chen, Pin-Yu and Zhang, Huan and Sharma, Yash and Yi, Jinfeng and Hsieh, Cho-Jui},
   year={2017}
}

@misc{wiel2017decisionbased,
    title={Decision-Based Adversarial Attacks: Reliable Attacks Against Black-Box Machine Learning Models},
    author={Wieland Brendel and Jonas Rauber and Matthias Bethge},
    year={2017},
    eprint={1712.04248},
    archivePrefix={arXiv},
    primaryClass={stat.ML}
}

@misc{s2017adversarial,
    title={Adversarial Attacks on Neural Network Policies},
    author={Sandy Huang and Nicolas Papernot and Ian Goodfellow and Yan Duan and Pieter Abbeel},
    year={2017},
    eprint={1702.02284},
    archivePrefix={arXiv},
    primaryClass={cs.LG}
}

@misc{lin2017tactics,
    title={Tactics of Adversarial Attack on Deep Reinforcement Learning Agents},
    author={Yen-Chen Lin and Zhang-Wei Hong and Yuan-Hong Liao and Meng-Li Shih and Ming-Yu Liu and Min Sun},
    year={2017},
    eprint={1703.06748},
    archivePrefix={arXiv},
    primaryClass={cs.LG}
}

@misc{sun2020stealthy,
    title={Stealthy and Efficient Adversarial Attacks against Deep Reinforcement Learning},
    author={Jianwen Sun and Tianwei Zhang and Xiaofei Xie and Lei Ma and Yan Zheng and Kangjie Chen and Yang Liu},
    year={2020},
    eprint={2005.07099},
    archivePrefix={arXiv},
    primaryClass={cs.CR}
}

@misc{papernot2015distillation,
    title={Distillation as a Defense to Adversarial Perturbations against Deep Neural Networks},
    author={Nicolas Papernot and Patrick McDaniel and Xi Wu and Somesh Jha and Ananthram Swami},
    year={2015},
    eprint={1511.04508},
    archivePrefix={arXiv},
    primaryClass={cs.CR}
}

@misc{cisse2017parseval,
    title={Parseval Networks: Improving Robustness to Adversarial Examples},
    author={Moustapha Cisse and Piotr Bojanowski and Edouard Grave and Yann Dauphin and Nicolas Usunier},
    year={2017},
    eprint={1704.08847},
    archivePrefix={arXiv},
    primaryClass={stat.ML}
}

@misc{schaul2016prioritized,
      title={Prioritized Experience Replay}, 
      author={Tom Schaul and John Quan and Ioannis Antonoglou and David Silver},
      year={2016},
      eprint={1511.05952},
      archivePrefix={arXiv},
      primaryClass={cs.LG}
}

@misc{dong2019benchmarking,
      title={Benchmarking Adversarial Robustness}, 
      author={Yinpeng Dong and Qi-An Fu and Xiao Yang and Tianyu Pang and Hang Su and Zihao Xiao and Jun Zhu},
      year={2019},
      eprint={1912.11852},
      archivePrefix={arXiv},
      primaryClass={cs.CV}
}

@misc{huang2017adversarial,
      title={Adversarial Attacks on Neural Network Policies}, 
      author={Sandy Huang and Nicolas Papernot and Ian Goodfellow and Yan Duan and Pieter Abbeel},
      year={2017},
      eprint={1702.02284},
      archivePrefix={arXiv},
      primaryClass={cs.LG}
}

@misc{agarwal2018explainable,
      title={An Explainable Adversarial Robustness Metric for Deep Learning Neural Networks}, 
      author={Chirag Agarwal and Bo Dong and Dan Schonfeld and Anthony Hoogs},
      year={2018},
      eprint={1806.01477},
      archivePrefix={arXiv},
      primaryClass={cs.CR}
}

@misc{madry2019deep,
      title={Towards Deep Learning Models Resistant to Adversarial Attacks}, 
      author={Aleksander Madry and Aleksandar Makelov and Ludwig Schmidt and Dimitris Tsipras and Adrian Vladu},
      year={2019},
      eprint={1706.06083},
      archivePrefix={arXiv},
      primaryClass={stat.ML}
}

@misc{papernot2016distillation,
      title={Distillation as a Defense to Adversarial Perturbations against Deep Neural Networks}, 
      author={Nicolas Papernot and Patrick McDaniel and Xi Wu and Somesh Jha and Ananthram Swami},
      year={2016},
      eprint={1511.04508},
      archivePrefix={arXiv},
      primaryClass={cs.CR}
}

@misc{hein2017formal,
      title={Formal Guarantees on the Robustness of a Classifier against Adversarial Manipulation}, 
      author={Matthias Hein and Maksym Andriushchenko},
      year={2017},
      eprint={1705.08475},
      archivePrefix={arXiv},
      primaryClass={cs.LG}
}

@misc{wong2020fast,
      title={Fast is better than free: Revisiting adversarial training}, 
      author={Eric Wong and Leslie Rice and J. Zico Kolter},
      year={2020},
      eprint={2001.03994},
      archivePrefix={arXiv},
      primaryClass={cs.LG}
}

@misc{dziugaite2016study,
      title={A study of the effect of JPG compression on adversarial images}, 
      author={Gintare Karolina Dziugaite and Zoubin Ghahramani and Daniel M. Roy},
      year={2016},
      eprint={1608.00853},
      archivePrefix={arXiv},
      primaryClass={cs.CV}
}

@article{Xu_2018,
   title={Feature Squeezing: Detecting Adversarial Examples in Deep Neural Networks},
   ISBN={1891562495},
   url={http://dx.doi.org/10.14722/ndss.2018.23198},
   DOI={10.14722/ndss.2018.23198},
   journal={Proceedings 2018 Network and Distributed System Security Symposium},
   publisher={Internet Society},
   author={Xu, Weilin and Evans, David and Qi, Yanjun},
   year={2018}
}

@misc{oikarinen2020robust,
      title={Robust Deep Reinforcement Learning through Adversarial Loss}, 
      author={Tuomas Oikarinen and Tsui-Wei Weng and Luca Daniel},
      year={2020},
      eprint={2008.01976},
      archivePrefix={arXiv},
      primaryClass={cs.LG}
}

@misc{fischer2019online,
      title={Online Robustness Training for Deep Reinforcement Learning}, 
      author={Marc Fischer and Matthew Mirman and Steven Stalder and Martin Vechev},
      year={2019},
      eprint={1911.00887},
      archivePrefix={arXiv},
      primaryClass={cs.LG}
}

@misc{zhang2020robust,
      title={Robust Deep Reinforcement Learning against Adversarial Perturbations on State Observations}, 
      author={Huan Zhang and Hongge Chen and Chaowei Xiao and Bo Li and Mingyan Liu and Duane Boning and Cho-Jui Hsieh},
      year={2020},
      eprint={2003.08938},
      archivePrefix={arXiv},
      primaryClass={cs.LG}
}

@misc{gleave2020adversarial,
      title={Adversarial Policies: Attacking Deep Reinforcement Learning}, 
      author={Adam Gleave and Michael Dennis and Cody Wild and Neel Kant and Sergey Levine and Stuart Russell},
      year={2020},
      eprint={1905.10615},
      archivePrefix={arXiv},
      primaryClass={cs.LG}
}

@misc{tianshou,
  author = {Jiayi Weng, Minghao Zhang, Alexis Duburcq, Kaichao You, Dong Yan, Hang Su, Jun Zhu},
  title = {Tianshou},
  year = {2020},
  publisher = {GitHub},
  journal = {GitHub repository},
  howpublished = {\url{https://github.com/thu-ml/tianshou}},
}

@misc{moosavidezfooli2016deepfool,
      title={DeepFool: a simple and accurate method to fool deep neural networks}, 
      author={Seyed-Mohsen Moosavi-Dezfooli and Alhussein Fawzi and Pascal Frossard},
      year={2016},
      eprint={1511.04599},
      archivePrefix={arXiv},
      primaryClass={cs.LG}
}

@misc{kim2020learning,
      title={Learning to Simulate Dynamic Environments with GameGAN}, 
      author={Seung Wook Kim and Yuhao Zhou and Jonah Philion and Antonio Torralba and Sanja Fidler},
      year={2020},
      eprint={2005.12126},
      archivePrefix={arXiv},
      primaryClass={cs.CV}
}

@misc{li2020understanding,
      title={Towards Understanding Fast Adversarial Training}, 
      author={Bai Li and Shiqi Wang and Suman Jana and Lawrence Carin},
      year={2020},
      eprint={2006.03089},
      archivePrefix={arXiv},
      primaryClass={cs.LG}
}

@misc{brockman2016openai,
      title={OpenAI Gym}, 
      author={Greg Brockman and Vicki Cheung and Ludwig Pettersson and Jonas Schneider and John Schulman and Jie Tang and Wojciech Zaremba},
      year={2016},
      eprint={1606.01540},
      archivePrefix={arXiv},
      primaryClass={cs.LG}
}

@article{ding2019advertorch,
  title={{AdverTorch} v0.1: An Adversarial Robustness Toolbox based on PyTorch},
  author={Ding, Gavin Weiguang and Wang, Luyu and Jin, Xiaomeng},
  journal={arXiv preprint arXiv:1902.07623},
  year={2019}
}

@misc{wang2020adversarial,
      title={Adversarial jamming attacks and defense strategies via adaptive deep reinforcement learning}, 
      author={Feng Wang and Chen Zhong and M. Cenk Gursoy and Senem Velipasalar},
      year={2020},
      eprint={2007.06055},
      archivePrefix={arXiv},
      primaryClass={eess.SP}
}

@misc{fischer2019online,
      title={Online Robustness Training for Deep Reinforcement Learning}, 
      author={Marc Fischer and Matthew Mirman and Steven Stalder and Martin Vechev},
      year={2019},
      eprint={1911.00887},
      archivePrefix={arXiv},
      primaryClass={cs.LG}
}

@misc{zhang2020robust,
      title={Robust Deep Reinforcement Learning against Adversarial Perturbations on State Observations}, 
      author={Huan Zhang and Hongge Chen and Chaowei Xiao and Bo Li and Mingyan Liu and Duane Boning and Cho-Jui Hsieh},
      year={2020},
      eprint={2003.08938},
      archivePrefix={arXiv},
      primaryClass={cs.LG}
}

@misc{oikarinen2020robust,
      title={Robust Deep Reinforcement Learning through Adversarial Loss}, 
      author={Tuomas Oikarinen and Tsui-Wei Weng and Luca Daniel},
      year={2020},
      eprint={2008.01976},
      archivePrefix={arXiv},
      primaryClass={cs.LG}
}

@misc{hessel2017rainbow,
      title={Rainbow: Combining Improvements in Deep Reinforcement Learning}, 
      author={Matteo Hessel and Joseph Modayil and Hado van Hasselt and Tom Schaul and Georg Ostrovski and Will Dabney and Dan Horgan and Bilal Piot and Mohammad Azar and David Silver},
      year={2017},
      eprint={1710.02298},
      archivePrefix={arXiv},
      primaryClass={cs.AI}
}

@misc{bellemare2017distributional,
      title={A Distributional Perspective on Reinforcement Learning}, 
      author={Marc G. Bellemare and Will Dabney and Rémi Munos},
      year={2017},
      eprint={1707.06887},
      archivePrefix={arXiv},
      primaryClass={cs.LG}
}

@misc{haarnoja2018soft,
      title={Soft Actor-Critic: Off-Policy Maximum Entropy Deep Reinforcement Learning with a Stochastic Actor}, 
      author={Tuomas Haarnoja and Aurick Zhou and Pieter Abbeel and Sergey Levine},
      year={2018},
      eprint={1801.01290},
      archivePrefix={arXiv},
      primaryClass={cs.LG}
}

@misc{fujimoto2018addressing,
      title={Addressing Function Approximation Error in Actor-Critic Methods}, 
      author={Scott Fujimoto and Herke van Hoof and David Meger},
      year={2018},
      eprint={1802.09477},
      archivePrefix={arXiv},
      primaryClass={cs.AI}
}

@misc{lillicrap2019continuous,
      title={Continuous control with deep reinforcement learning}, 
      author={Timothy P. Lillicrap and Jonathan J. Hunt and Alexander Pritzel and Nicolas Heess and Tom Erez and Yuval Tassa and David Silver and Daan Wierstra},
      year={2019},
      eprint={1509.02971},
      archivePrefix={arXiv},
      primaryClass={cs.LG}
}

@misc{das2018shield,
      title={Shield: Fast, Practical Defense and Vaccination for Deep Learning using JPEG Compression}, 
      author={Nilaksh Das and Madhuri Shanbhogue and Shang-Tse Chen and Fred Hohman and Siwei Li and Li Chen and Michael E. Kounavis and Duen Horng Chau},
      year={2018},
      eprint={1802.06816},
      archivePrefix={arXiv},
      primaryClass={cs.CV}
}

@article{Schrittwieser_2020,
   title={Mastering Atari, Go, chess and shogi by planning with a learned model},
   volume={588},
   ISSN={1476-4687},
   url={http://dx.doi.org/10.1038/s41586-020-03051-4},
   DOI={10.1038/s41586-020-03051-4},
   number={7839},
   journal={Nature},
   publisher={Springer Science and Business Media LLC},
   author={Schrittwieser, Julian and Antonoglou, Ioannis and Hubert, Thomas and Simonyan, Karen and Sifre, Laurent and Schmitt, Simon and Guez, Arthur and Lockhart, Edward and Hassabis, Demis and Graepel, Thore and et al.},
   year={2020},
   month={Dec},
   pages={604–609}
}